<?xml version="1.0" encoding="UTF-8"?><collection><record><leader>06628ntm a2200577 a 4500</leader><controlfield tag="001">006805778</controlfield><controlfield tag="003">MiAaHDL</controlfield><controlfield tag="005">20190719000000.0</controlfield><controlfield tag="006">m        d        </controlfield><controlfield tag="007">cr bn ---auaua</controlfield><controlfield tag="008">090602s1836    ir            00| ||per d</controlfield><datafield tag="035" ind1=" " ind2=" "><subfield code="a">(MiU)006805778</subfield></datafield><datafield tag="035" ind1=" " ind2=" "><subfield code="a">sdr-miu006805778</subfield></datafield><datafield tag="040" ind1=" " ind2=" "><subfield code="a">MiU</subfield><subfield code="c">MiU</subfield><subfield code="e">amremm</subfield></datafield><datafield tag="043" ind1=" " ind2=" "><subfield code="a">n-us-mi</subfield></datafield><datafield tag="100" ind1="1" ind2=" "><subfield code="6">880-01</subfield><subfield code="a">Muʻizzī, Amīr ʻAbd Allāh Muḥammad,</subfield><subfield code="d">1048 or 1049-</subfield></datafield><datafield tag="245" ind1="1" ind2="0"><subfield code="6">880-03</subfield><subfield code="a">Dīvān-i Amīr Muʻizzī,</subfield><subfield code="f">[1253, i.e. 1836].</subfield></datafield><datafield tag="260" ind1=" " ind2=" "><subfield code="a">[Āshtiyān,</subfield><subfield code="c">1836].</subfield></datafield><datafield tag="300" ind1=" " ind2=" "><subfield code="a">188 leaves :</subfield><subfield code="b">paper ;</subfield><subfield code="c">206 x 133 (148 x 68) mm. bound to 210 x 140 mm.</subfield></datafield><datafield tag="500" ind1=" " ind2=" "><subfield code="a">Shelfmark: Ann Arbor, University of Michigan, Special Collections Library, Isl. Ms. 282</subfield></datafield><datafield tag="500" ind1=" " ind2=" "><subfield code="a">Origin: As appears in colophon on p.373, copied by Ibn marḥūm Abū al-Khayr [?] Āshtiyānī al-Qummī Yaʻqūb with transcription completed in Āshtiyān in 22 Muḥarram 1252 [ca. 9 May 1836].</subfield></datafield><datafield tag="500" ind1=" " ind2=" "><subfield code="a">Former shelfmark: "17/4" in ink on 'title page' (p.1) ; "103 T. De M. [i.e. Tammaro De Marinis]" in pencil on final leaf (p.376).</subfield></datafield><datafield tag="500" ind1=" " ind2=" "><subfield code="a">Binding: Heavy pasteboards covered in painted lacquerwork, spine in quite dark brown leather ; Type III binding (without flap) ; two-piece binding (overlapping flanges visible) ; doublures in fine painted lacquerwork with paintings of a tall narcissus-like plant with leaves in shades of green and flowers and buds in yellow with pink accents at the head of a central stalk, flanked by smaller pink flowers, all on a red ground with border in black with gold accents (composition of upper doublure mirrors that of lower doublure) ; upper and lower covers bear paintings of nearly identical floral composition in mirror image to one another on a deep golden-orange or bronze-colored background, namely a central cluster of peonies, poppies, tulips, etc. with additional buds and floral forms filling the main panel all in shades of pink, light blue, lavender, and white with leaves in various shades of green, and surrounded by decorative band of floral vegetal motifs on a deep golden-orange or bronze-colored ground framed in black borders with gold accents ; sewn in light red (opening nine and final six quires) and spring green thread, two stations ; worked chevron endbands in light red and spring green, fair condition ; overall in somewhat poor condition with some abrasion and losses to lacquerwork and pasteboard, cracking and crazing of lacquer, minor delamination at board corners, breakage and losses at joints where spine leather meets boards, spine almost fully detached except where primaries are sewn through spine lining, etc. ; not flush with text block, slightly tall and wide ; housed in box for protection.</subfield></datafield><datafield tag="500" ind1=" " ind2=" "><subfield code="a">Support: European machine laid paper mainly with chain lines 21 mm. apart and "laid lines" in a cross-hatch pattern, watermarks include "BENto PICARDO" (see p.4, 12, 358, etc.), scrollwork with motif resembling diamond flanked by C's and 1833 below (see p.364, etc. compare motif as appears in Heawood nos. 3728 and 3747), and six-pointed star with eFIGLI below (see p.352, 370) ; crisp, transluscent though sturdy, light cream with tinge of gray, well-burnished.</subfield></datafield><datafield tag="500" ind1=" " ind2=" "><subfield code="a">Decoration: Fine illuminated headpiece (ʻunwān / sarlawḥ) at opening on p.2 consisting of rectangular piece with gold cartouche carrying the title in black ("ديوان امير معزى") flanked by arabesque motifs in gold, red and blue, surmounted by a scalloped dome filled with swirling arabesque in gold with red and blue accents, all set in a well of gold and black bands framing red vegetal accents ; written area surrounded by a frame of gold bands defined by black fillets with outermost blue rule, columns within also defined by gold bands.</subfield></datafield><datafield tag="500" ind1=" " ind2=" "><subfield code="a">Script: Nastaʻlīq (with elements of shikastah-nastaʻlīq) ; compact, elegant hand ; serifless, with slight effect of words descending to baseline, closed counters, and elongated horizontal strokes, freely ligatured.</subfield></datafield><datafield tag="500" ind1=" " ind2=" "><subfield code="a">Layout: Written in 23 lines per page, written area mainly divided to two columns; frame-ruled.</subfield></datafield><datafield tag="500" ind1=" " ind2=" "><subfield code="a">Collation: 6 IV(48), III+2 (56), 15 IV(176), 2 III(188) ; almost exclusively quaternions ; final leaf left blank ; catchwords present ; quire numbering in the form of Hindu-Arabic numerals in black ink in the upper outer margin of the verso of the final leaf of each quire ; pagination in pencil, Western numerals, supplied during digitization (includes back flyleaf).</subfield></datafield><datafield tag="500" ind1=" " ind2=" "><subfield code="a">Colophon: "Scribal," reads "بتاريخ يوم دوشنبه بيست و دويم شهر محرم الحرام هزار و دويست و پنجاه و دو هجرى در قريه اشتيان صورت اتمام پديرفت حرره العبد اقل ابن مرحوم ابو الخير [؟] آشتيانى القمى يعقوب ..."</subfield></datafield><datafield tag="500" ind1=" " ind2=" "><subfield code="a">Explicit: "بهر جشنى كه بنشينى سعادت همنشين بادت بهر راهى كه بخرامى سلامت راهبر بادت"</subfield></datafield><datafield tag="500" ind1=" " ind2=" "><subfield code="a">Incipit: "ستاره سجده برد طلعت منير ترا زمانه بوسه دهد پايه سرير ترا ..."</subfield></datafield><datafield tag="500" ind1=" " ind2=" "><subfield code="a">Title from illuminated headpiece at opening on p.2.</subfield></datafield><datafield tag="500" ind1=" " ind2=" "><subfield code="a">Ms. codex.</subfield></datafield><datafield tag="510" ind1="4" ind2=" "><subfield code="a">Meisami, Julie S. "Muʻizzī Muḥammad b. ʻAbd al-Malik," In EI2,</subfield><subfield code="c">vol. VII, p.489, col. 1</subfield></datafield><datafield tag="510" ind1="4" ind2=" "><subfield code="a">Cat. Pers. MSS. Brit. Mus.,</subfield><subfield code="c">p.552</subfield></datafield><datafield tag="520" ind1="8" ind2=" "><subfield code="a">Elegant copy of the Dīvān of Muʻizzī (Amīr Muʻizzī), Muḥammad ibn ʻAbd al-Malik (d. between 1125-7).</subfield></datafield><datafield tag="538" ind1=" " ind2=" "><subfield code="a">Mode of access: Internet.</subfield></datafield><datafield tag="541" ind1=" " ind2=" "><subfield code="c">Purchase ;</subfield><subfield code="a">Acquired by purchase (funds donated by Horace Rackham).</subfield><subfield code="d">1924.</subfield></datafield><datafield tag="546" ind1=" " ind2=" "><subfield code="a">Persian.</subfield></datafield><datafield tag="561" ind1=" " ind2=" "><subfield code="a">Inscriptions in ink and pencil on 'title page' (p.1) "17/4" and final leaf (p.376) "103 T. De M." [i.e. Tammaro De Marinis] ; fairly clean copy.</subfield></datafield><datafield tag="650" ind1=" " ind2="0"><subfield code="a">Manuscripts, Persian</subfield><subfield code="z">Michigan</subfield><subfield code="z">Ann Arbor.</subfield></datafield><datafield tag="650" ind1=" " ind2="0"><subfield code="a">Persian poetry</subfield><subfield code="y">747-1500.</subfield></datafield><datafield tag="650" ind1=" " ind2="0"><subfield code="a">Ghazals, Persian</subfield><subfield code="v">Early works to 1800.</subfield></datafield><datafield tag="650" ind1=" " ind2="0"><subfield code="a">Laudatory poetry, Persian</subfield><subfield code="v">Early works to 1800.</subfield></datafield><datafield tag="655" ind1=" " ind2="7"><subfield code="a">Headpieces (layout features)</subfield><subfield code="y">19th century.</subfield><subfield code="2">aat</subfield></datafield><datafield tag="700" ind1="0" ind2=" "><subfield code="a">Abdülhamid</subfield><subfield code="b">II,</subfield><subfield code="c">Sultan of the Turks,</subfield><subfield code="d">1842-1918,</subfield><subfield code="e">former owner.</subfield></datafield><datafield tag="700" ind1="0" ind2=" "><subfield code="6">880-07</subfield><subfield code="a">Yaʻqūb Āshtiyānī al-Qummī,</subfield><subfield code="d">fl. 1836,</subfield><subfield code="e">scribe.</subfield></datafield><datafield tag="773" ind1="0" ind2=" "><subfield code="a">Abdul Hamid Collection.</subfield></datafield><datafield tag="880" ind1="0" ind2=" "><subfield code="6">700-07/</subfield><subfield code="a">يعقوب آشتيانى القمى,</subfield><subfield code="e">ناسخ.</subfield></datafield><datafield tag="880" ind1="1" ind2="0"><subfield code="6">245-03/</subfield><subfield code="a">ديوان امير معزى,</subfield><subfield code="f">[1253ه، 1836م].</subfield></datafield><datafield tag="880" ind1="1" ind2=" "><subfield code="6">100-01/</subfield><subfield code="a">معزى, امير عبد الله محمد,</subfield></datafield><datafield tag="CID" ind1=" " ind2=" "><subfield code="a">006805778</subfield></datafield><datafield tag="DAT" ind1="0" ind2=" "><subfield code="a">20190719102637.0</subfield><subfield code="b">20190719000000.0</subfield></datafield><datafield tag="DAT" ind1="1" ind2=" "><subfield code="a">20190719090653.0</subfield><subfield code="b">2019-07-19T16:12:02Z</subfield></datafield><datafield tag="DAT" ind1="2" ind2=" "><subfield code="a">2015-10-02T18:00:03Z</subfield></datafield><datafield tag="CAT" ind1=" " ind2=" "><subfield code="a">SDR-MIU</subfield><subfield code="d">EX LIBRIS - ALEPH</subfield><subfield code="l">prepare.pl-004-008</subfield></datafield><datafield tag="FMT" ind1=" " ind2=" "><subfield code="a">BK</subfield></datafield><datafield tag="HOL" ind1=" " ind2=" "><subfield code="0">sdr-miu006805778</subfield><subfield code="a">MiU</subfield><subfield code="b">SDR</subfield><subfield code="c">MIU</subfield><subfield code="p">mdp.39015079127562</subfield><subfield code="s">MIU</subfield><subfield code="1">006805778</subfield></datafield><datafield tag="974" ind1=" " ind2=" "><subfield code="b">MIU</subfield><subfield code="c">MIU</subfield><subfield code="d">20190719</subfield><subfield code="s">lit-dlps-dc</subfield><subfield code="u">mdp.39015079127562</subfield><subfield code="y">1836</subfield><subfield code="r">pd</subfield><subfield code="q">bib</subfield><subfield code="t">non-US bib date1 &lt; 1896</subfield></datafield></record></collection>